%% Sample bibliography file for asmejour.bst and asmejour.cls
%%
%% Revised: 10 January 2022
%% Copyright John H. Lienhard, MIT
%% Offered under the MIT license: https://ctan.org/license/mit 


%% Titles should be in title case (first letters capitalized) according to ASME style
%% Allowable fields are listed after the first use of each entry type.
%%

@inproceedings{doumanoglou2014autonomous,
  title={Autonomous active recognition and unfolding of clothes using random decision forests and probabilistic planning},
  author={Doumanoglou, Andreas and Kargakos, Andreas and Kim, Tae-Kyun and Malassiotis, Sotiris},
  booktitle={2014 IEEE international conference on robotics and automation (ICRA)},
  pages={987--993},
  year={2014},
  organization={IEEE}
}
@inproceedings{maitin2010cloth,
  title={Cloth grasp point detection based on multiple-view geometric cues with application to robotic towel folding},
  author={Maitin-Shepard, Jeremy and Cusumano-Towner, Marco and Lei, Jinna and Abbeel, Pieter},
  booktitle={2010 IEEE International Conference on Robotics and Automation},
  pages={2308--2315},
  year={2010},
  organization={IEEE}
}
@inproceedings{erickson2018deep,
  title={Deep haptic model predictive control for robot-assisted dressing},
  author={Erickson, Zackory and Clever, Henry M and Turk, Greg and Liu, C Karen and Kemp, Charles C},
  booktitle={2018 IEEE international conference on robotics and automation (ICRA)},
  pages={4437--4444},
  year={2018},
  organization={IEEE}
}
@article{erickson2018tracking,
  title={Tracking human pose during robot-assisted dressing using single-axis capacitive proximity sensing},
  author={Erickson, Zackory and Collier, Maggie and Kapusta, Ariel and Kemp, Charles C},
  journal={IEEE Robotics and Automation Letters},
  volume={3},
  number={3},
  pages={2245--2252},
  year={2018},
  publisher={IEEE}
}
@inproceedings{erickson2020assistive,
  title={Assistive gym: A physics simulation framework for assistive robotics},
  author={Erickson, Zackory and Gangaram, Vamsee and Kapusta, Ariel and Liu, C Karen and Kemp, Charles C},
  booktitle={2020 IEEE International Conference on Robotics and Automation (ICRA)},
  pages={10169--10176},
  year={2020},
  organization={IEEE}
}
@inproceedings{yu2017haptic,
  title={Haptic simulation for robot-assisted dressing},
  author={Yu, Wenhao and Kapusta, Ariel and Tan, Jie and Kemp, Charles C and Turk, Greg and Liu, C Karen},
  booktitle={2017 IEEE international conference on robotics and automation (ICRA)},
  pages={6044--6051},
  year={2017},
  organization={IEEE}
}
@inproceedings{Wang2023One,
    title={One Policy to Dress Them All: Learning to Dress People with Diverse Poses and Garments},
    author={Wang, Yufei and Sun, Zhanyi and Erickson, Zackory and Held, David},
    booktitle={Robotics: Science and Systems (RSS)},
    year={2023}}   
@article{puthuveetil2022bodies,
  title={Bodies uncovered: Learning to manipulate real blankets around people via physics simulations},
  author={Puthuveetil, Kavya and Kemp, Charles C and Erickson, Zackory},
  journal={IEEE Robotics and Automation Letters},
  volume={7},
  number={2},
  pages={1984--1991},
  year={2022},
  publisher={IEEE}
}
@inproceedings{lee2021learning,
  title={Learning arbitrary-goal fabric folding with one hour of real robot experience},
  author={Lee, Robert and Ward, Daniel and Dasagi, Vibhavari and Cosgun, Akansel and Leitner, Juxi and Corke, Peter},
  booktitle={Conference on Robot Learning},
  pages={2317--2327},
  year={2021},
  organization={PMLR}
}
@inproceedings{ha2022flingbot,
  title={Flingbot: The unreasonable effectiveness of dynamic manipulation for cloth unfolding},
  author={Ha, Huy and Song, Shuran},
  booktitle={Conference on Robot Learning},
  pages={24--33},
  year={2022},
  organization={PMLR}
}

@inproceedings{seita2019deep,
  title={Deep transfer learning of pick points on fabric for robot bed-making},
  author={Seita, Daniel and Jamali, Nawid and Laskey, Michael and Tanwani, Ajay Kumar and Berenstein, Ron and Baskaran, Prakash and Iba, Soshi and Canny, John and Goldberg, Ken},
  booktitle={The International Symposium of Robotics Research},
  pages={275--290},
  year={2019},
  organization={Springer}
}

@article{torgerson1988vision,
  title={Vision-guided robotic fabric manipulation for apparel manufacturing},
  author={Torgerson, Eric and Paul, Frank W},
  journal={IEEE Control Systems Magazine},
  volume={8},
  number={1},
  pages={14--20},
  year={1988},
  publisher={IEEE}
}
@article{borras2020grasping,
  title={A grasping-centered analysis for cloth manipulation},
  author={Borras, Julia and Alenya, Guillem and Torras, Carme},
  journal={IEEE Transactions on Robotics},
  volume={36},
  number={3},
  pages={924--936},
  year={2020},
  publisher={IEEE}
}
@article{sanchez2018robotic,
  title={Robotic manipulation and sensing of deformable objects in domestic and industrial applications: a survey},
  author={Sanchez, Jose and Corrales, Juan-Antonio and Bouzgarrou, Belhassen-Chedli and Mezouar, Youcef},
  journal={The International Journal of Robotics Research},
  volume={37},
  number={7},
  pages={688--716},
  year={2018},
  publisher={SAGE Publications Sage UK: London, England}
}

@inproceedings{tirumala2022learning,
  title={Learning to singulate layers of cloth using tactile feedback},
  author={Tirumala, Sashank and Weng, Thomas and Seita, Daniel and Kroemer, Oliver and Temel, Zeynep and Held, David},
  booktitle={2022 IEEE/RSJ International Conference on Intelligent Robots and Systems (IROS)},
  pages={7773--7780},
  year={2022},
  organization={IEEE}
}
@article{zheng2024differentiable,
  title={Differentiable Cloth Parameter Identification and State Estimation in Manipulation},
  author={Zheng, Dongzhe and Yao, Siqiong and Xu, Wenqiang and Lu, Cewu},
  journal={IEEE Robotics and Automation Letters},
  year={2024},
  publisher={IEEE}
}
@article{clegg2018learning,
  title={Learning to dress: Synthesizing human dressing motion via deep reinforcement learning},
  author={Clegg, Alexander and Yu, Wenhao and Tan, Jie and Liu, C Karen and Turk, Greg},
  journal={ACM Transactions on Graphics (TOG)},
  volume={37},
  number={6},
  pages={1--10},
  year={2018},
  publisher={ACM New York, NY, USA}
}
@inproceedings{chen2022efficiently,
  title={Efficiently learning single-arm fling motions to smooth garments},
  author={Chen, Lawrence Yunliang and Huang, Huang and Novoseller, Ellen and Seita, Daniel and Ichnowski, Jeffrey and Laskey, Michael and Cheng, Richard and Kollar, Thomas and Goldberg, Ken},
  booktitle={The International Symposium of Robotics Research},
  pages={36--51},
  year={2022},
  organization={Springer}
}
@article{bertiche2022neural,
  title={Neural cloth simulation},
  author={Bertiche, Hugo and Madadi, Meysam and Escalera, Sergio},
  journal={ACM Transactions on Graphics (TOG)},
  volume={41},
  number={6},
  pages={1--14},
  year={2022},
  publisher={ACM New York, NY, USA}
}
@inproceedings{santesteban2019learning,
  title={Learning-based animation of clothing for virtual try-on},
  author={Santesteban, Igor and Otaduy, Miguel A and Casas, Dan},
  booktitle={Computer Graphics Forum},
  volume={38},
  number={2},
  pages={355--366},
  year={2019},
  organization={Wiley Online Library}
}
@inproceedings{lahner2018deepwrinkles,
  title={Deepwrinkles: Accurate and realistic clothing modeling},
  author={Lahner, Zorah and Cremers, Daniel and Tung, Tony},
  booktitle={Proceedings of the European conference on computer vision (ECCV)},
  pages={667--684},
  year={2018}
}
%% This common case is an article in series of edited books where the series title is the same for all volumes.
%%	  type = {..},   changes chapter to something else
%%    url  = {..},   can be added if it exists
%%    edition = {..} can be added if relevant

@article{Li2021CIPC,
    author = {Minchen Li and Danny M. Kaufman and Chenfanfu Jiang},
    title = {Codimensional Incremental Potential Contact},
    journal = {ACM Trans. Graph. (SIGGRAPH)},
    year = {2021},
    volume = {40},
    number = {4},
    articleno = {170}
}
@article{Li2020IPC,
    author = {Minchen Li and Zachary Ferguson and Teseo Schneider and Timothy Langlois and
        Denis Zorin and Daniele Panozzo and Chenfanfu Jiang and Danny M. Kaufman},
    title = {Incremental Potential Contact: Intersection- and Inversion-free Large Deformation Dynamics},
    journal = {ACM Trans. Graph. (SIGGRAPH)},
    year = {2020},
    volume = {39},
    number = {4},
    articleno = {49}
}